<?xml version="1.0" encoding="UTF-8"?><collection><record><leader>07536ntm a2200565 a 4500</leader><controlfield tag="001">006782162</controlfield><controlfield tag="003">MiAaHDL</controlfield><controlfield tag="005">20190719000000.0</controlfield><controlfield tag="006">m        d        </controlfield><controlfield tag="007">cr bn ---auaua</controlfield><controlfield tag="008">090519q17231750xx            00| ||ara d</controlfield><datafield tag="035" ind1=" " ind2=" "><subfield code="a">(MiU)006782162</subfield></datafield><datafield tag="035" ind1=" " ind2=" "><subfield code="a">sdr-miu006782162</subfield></datafield><datafield tag="040" ind1=" " ind2=" "><subfield code="a">MiU</subfield><subfield code="c">MiU</subfield><subfield code="e">amremm</subfield></datafield><datafield tag="043" ind1=" " ind2=" "><subfield code="a">n-us-mi</subfield></datafield><datafield tag="100" ind1="1" ind2=" "><subfield code="6">880-01</subfield><subfield code="a">Rīḥāwī, Muḥammad ibn Sulaymān al-Ḥalabī,</subfield><subfield code="d">d. 1745.</subfield></datafield><datafield tag="245" ind1="1" ind2="3"><subfield code="6">880-03</subfield><subfield code="a">al-Nūrānīyah ʻalá al-ṣalawāt ʻalá Khayr al-barīyah,</subfield><subfield code="f">[early to mid 18th century?].</subfield></datafield><datafield tag="246" ind1="3" ind2="4"><subfield code="a">نورانية</subfield></datafield><datafield tag="246" ind1="3" ind2=" "><subfield code="i">Title from 'title page' (p.5):</subfield><subfield code="a">نورانية :</subfield><subfield code="b">شرح الصلوات على خير البرية</subfield></datafield><datafield tag="260" ind1=" " ind2=" "><subfield code="c">[1723-1750?].</subfield></datafield><datafield tag="300" ind1=" " ind2=" "><subfield code="a">32 leaves :</subfield><subfield code="b">paper ;</subfield><subfield code="c">214 x 150 (145 x 95) mm.</subfield></datafield><datafield tag="500" ind1=" " ind2=" "><subfield code="a">Shelfmark: Ann Arbor, University of Michigan, Special Collections Library, Isl. Ms. 524</subfield></datafield><datafield tag="500" ind1=" " ind2=" "><subfield code="a">Origin: At close on p.67, the author has indicated that the composition was completed in eight days with the date of completion expressed in fractions, the fifth of the fifth of the tenth of the fourth tenth of the twelfth ("خامس خامس عاشر العشر الرابع من الثاني عشر") which may be interpreted as Jumādá I 1135 [February-March 1723] but seems inconsistent with the information in the opening matter where the author indicates he travelled to Istanbul in 1140 [1727 or 8]. This copy possibly fairly contemporary or mid-18th century.</subfield></datafield><datafield tag="500" ind1=" " ind2=" "><subfield code="a">Accompanying materials: a. Acquisitions slip from Yahuda (pp.1-2) -- b. Inventory cataloguing slip in hand of Winifred Smeaton Thomas (pp.3-4).</subfield></datafield><datafield tag="500" ind1=" " ind2=" "><subfield code="a">Former shelfmark: From inner front cover and lower cover, "IL 401" (likely supplied by Yahuda, see acquisitions slip).</subfield></datafield><datafield tag="500" ind1=" " ind2=" "><subfield code="a">Binding: Heavy wove paper cover in pale mint green (single sheet, limp binding without boards) ; sewing in yellow thread, two stations, now damaged with most threads broken or lost ; cover ill-fitting and in poor condition with significant staining, abrasion, tears, etc.</subfield></datafield><datafield tag="500" ind1=" " ind2=" "><subfield code="a">Support: European laid paper with 6-7 laid lines per cm. (vertical), chain lines spaced 27 mm. apart (horizontal), crown-star-crescent watermark (90 mm. tall, parallel to chains, see p.52, 57, etc.), three crescents watermark (100 mm. long, perpendicular to chains, see p.66, 67, etc.) and "V d" under trefoil countermark (see p.55) ; cloudy formation, sturdy and thick, cream in color, well-burnished to glossy.</subfield></datafield><datafield tag="500" ind1=" " ind2=" "><subfield code="a">Decoration: Keywords and text being commented upon rubricated ; textual dividers in the form of hāʼ or disc in red ; some overlining in red ; diagrams in margins (p.19, 23, etc.).</subfield></datafield><datafield tag="500" ind1=" " ind2=" "><subfield code="a">Script: Naskh ; clear Syrian / Turkish hand ; partially (though irregularly) seriffed with right-sloping head-serifs on occasional free-standing alif, lām, etc., curvilinear descenders, pointing in strokes rather than distinct dots, freely ligatured, and kāf mashkūlah (mashqūqah) preferred ; partially vocalized.</subfield></datafield><datafield tag="500" ind1=" " ind2=" "><subfield code="a">Layout: Written mainly in 23 lines per page ; frame-ruled.</subfield></datafield><datafield tag="500" ind1=" " ind2=" "><subfield code="a">Collation: 3 V(30), I (32) ; chiefly quinions ; catchwords present ; pagination in pencil, Western numerals, supplied during digitization (includes inserts).</subfield></datafield><datafield tag="500" ind1=" " ind2=" "><subfield code="a">Colophon: "Authorial" and "Scribal" [?], reads "وكان تأليفها في ثمانية ايام وطويت عنها خيام الختام في خامس خامس عاشر العشر الرابع من الثاني عشر والحمد لله والله اكبر"</subfield></datafield><datafield tag="500" ind1=" " ind2=" "><subfield code="a">Explicit: "وكان يقول من قالها في مرضه ثم مات لم تطعمه النار انتهى والى الله المرجع والمنتهى وهذا اخر ما خطه القلم على طبق ما جري به القلم ... مع قصوري في هذه المادة وعجزي عن سلوك هذه الجادة ... والحمد لله وحده والصلاة والسلام على اشرف الانام ... ما ان اوان وترادف الملوان"</subfield></datafield><datafield tag="500" ind1=" " ind2=" "><subfield code="a">Incipit: "حمدا لمن وفقنا بتوفيق عنايته الى الايمان وهدانا بهدايته الى الايقان والاذعان ... وبعد فيقول اسير ذنبه ... محمد بن سليمان الحلبي الريحاوي ... ان مما يقين [؟] على كل مكلف ان يعتقد ان كمالات نبينا صلى الله عليه وسلم لا تحصى ... ثم لما رمتني الديار الحلبية الى القاهرة المصرية ثم الى الديار الرومية الى مدينة قسطنطنية المحروسة المحمية سنة الف واربعين ومائة رأيت بعض ذوي الطاعات يتداولون تأليف الصلوات على سيد السادات ... المنسوب الى قطب الاقطاب ... سيدي محيي الدين محمد بن علي العربي ... وكنت اخذته من جماعة من العلماء الاعلام منهم الاستاذ الشيخ محمد المنفلوطي المالكي ثم عن علامة زمانه وفريد اوانه الشيخ محمد الدمياطي الشهير بابن الميت فاجازني به وبجميع مؤلفات الشيخ بسندها الى الشيخ قدس سره ثم عمن لم يسمح الزمان بمثله ... المرحوم سيدي محمد المغربي الملقب بالصغير ... ثم عن العلامة الشيخ احمد المغربي المالكي وقرأته عليه بعد ان قرأ علي بعضا من فقه الحنفية فاجزته واجازني بذلك وغيره وقد سألني الان بعض الاخوان ان اشرح الصلوات المذكورة بكلمات تحل الالفاظ ... ثم حين وفقت لاتمامها وبدت شمس ختامها ... هدئت لتسميتها بالنورانية على الصلوات على خير البرية ..."</subfield></datafield><datafield tag="500" ind1=" " ind2=" "><subfield code="a">Title from opening matter (pp.9-10).</subfield></datafield><datafield tag="500" ind1=" " ind2=" "><subfield code="a">Ms. codex.</subfield></datafield><datafield tag="510" ind1="4" ind2=" "><subfield code="a">Ḥājjī Khalīfah. Kashf al-ẓunūn,</subfield><subfield code="c">vi 595 ; vi 604</subfield></datafield><datafield tag="510" ind1="4" ind2=" "><subfield code="a">Brockelmann, C. GAL,</subfield><subfield code="c">I 571-82 ; S I 791-802 ; II 253 no. 3</subfield></datafield><datafield tag="520" ind1="8" ind2=" "><subfield code="a">Possible autograph copy of a commentary by Muḥammad ibn Sulaymān al-Ḥalabī al-Rīḥāwī [al-Rayḥāwī] on a prayer for the Prophet (begins "اللهم أفض صلة صلواتك على أول التعينات المفاضة من العماء الرباني ...") attributed to Muḥyī al-Dīn Ibn ʻArabī (d.1240). According to the contents listing on the 'title page' (p.5), once included in a codex that contained two other works.</subfield></datafield><datafield tag="538" ind1=" " ind2=" "><subfield code="a">Mode of access: Internet.</subfield></datafield><datafield tag="541" ind1=" " ind2=" "><subfield code="a">Acquired in 1926 from the bookseller Isaac Benjamin S.E. Yahuda via purchase transacted on his behalf by Abraham Shalom Yahuda (1877-1951), his younger brother.</subfield></datafield><datafield tag="546" ind1=" " ind2=" "><subfield code="a">Arabic.</subfield></datafield><datafield tag="561" ind1=" " ind2=" "><subfield code="a">Occasional marginal corrections.</subfield></datafield><datafield tag="600" ind1="0" ind2="0"><subfield code="a">Ibn al-ʻArabī,</subfield><subfield code="d">1165-1240.</subfield><subfield code="t">Ṣalawāt ʻalá Khayr al-barīyah.</subfield></datafield><datafield tag="600" ind1="0" ind2="0"><subfield code="a">Muḥammad,</subfield><subfield code="c">Prophet,</subfield><subfield code="d">d. 632</subfield><subfield code="b">Prophet,</subfield><subfield code="v">Early works to 1800.</subfield></datafield><datafield tag="650" ind1=" " ind2="0"><subfield code="a">Manuscripts, Arabic</subfield><subfield code="z">Michigan</subfield><subfield code="z">Ann Arbor.</subfield></datafield><datafield tag="650" ind1=" " ind2="0"><subfield code="a">Islam</subfield><subfield code="v">Prayers and devotions</subfield><subfield code="v">Early works to 1800.</subfield></datafield><datafield tag="773" ind1="0" ind2=" "><subfield code="a">Yahuda Collection.</subfield></datafield><datafield tag="880" ind1="1" ind2="2"><subfield code="6">245-03/</subfield><subfield code="a">النورانية على الصلوات على خير البرية،</subfield><subfield code="f">[اوائل الى اواسط القرن 18م؟].</subfield></datafield><datafield tag="880" ind1="1" ind2=" "><subfield code="6">100-01/</subfield><subfield code="a">ريحاوي, محمد بن سليمان الحلبي.</subfield></datafield><datafield tag="CID" ind1=" " ind2=" "><subfield code="a">006782162</subfield></datafield><datafield tag="DAT" ind1="0" ind2=" "><subfield code="a">20190719102635.0</subfield><subfield code="b">20190719000000.0</subfield></datafield><datafield tag="DAT" ind1="1" ind2=" "><subfield code="a">20190719090653.0</subfield><subfield code="b">2019-07-19T16:11:28Z</subfield></datafield><datafield tag="DAT" ind1="2" ind2=" "><subfield code="a">2015-10-02T18:00:03Z</subfield></datafield><datafield tag="CAT" ind1=" " ind2=" "><subfield code="a">SDR-MIU</subfield><subfield code="d">EX LIBRIS - ALEPH</subfield><subfield code="l">prepare.pl-004-008</subfield></datafield><datafield tag="FMT" ind1=" " ind2=" "><subfield code="a">BK</subfield></datafield><datafield tag="HOL" ind1=" " ind2=" "><subfield code="0">sdr-miu006782162</subfield><subfield code="a">MiU</subfield><subfield code="b">SDR</subfield><subfield code="c">MIU</subfield><subfield code="p">mdp.39015079125616</subfield><subfield code="s">MIU</subfield><subfield code="1">006782162</subfield></datafield><datafield tag="974" ind1=" " ind2=" "><subfield code="b">MIU</subfield><subfield code="c">MIU</subfield><subfield code="d">20190719</subfield><subfield code="s">lit-dlps-dc</subfield><subfield code="u">mdp.39015079125616</subfield><subfield code="y">1750</subfield><subfield code="r">pd</subfield><subfield code="q">bib</subfield><subfield code="t">non-US bib date2 &lt; 1896</subfield></datafield></record></collection>